<record><leader>00000cas a22000007a 4500</leader><controlfield tag="001">12126108</controlfield><controlfield tag="008">850606u1860uuuualuwr ne      0    0eng d</controlfield><datafield ind1=" " ind2=" " tag="010"><subfield code="a">sn 85044717 </subfield></datafield><datafield ind1=" " ind2=" " tag="040"><subfield code="a">ALM</subfield><subfield code="b">eng</subfield><subfield code="c">ALM</subfield><subfield code="d">CPN</subfield><subfield code="d">OCLCQ</subfield></datafield><datafield ind1=" " ind2=" " tag="042"><subfield code="a">msc</subfield></datafield><datafield ind1="0" ind2="4" tag="245"><subfield code="a">The Randolph county democrat.</subfield></datafield><datafield ind1="1" ind2="3" tag="246"><subfield code="a">Democrat</subfield></datafield><datafield ind1=" " ind2=" " tag="260"><subfield code="a">Wedowee, Ala. :</subfield><subfield code="b">Barron &amp; Pittman</subfield></datafield><datafield ind1=" " ind2=" " tag="300"><subfield code="a">v. :</subfield><subfield code="b">ill.</subfield></datafield><datafield ind1=" " ind2=" " tag="310"><subfield code="a">Weekly</subfield></datafield><datafield ind1=" " ind2=" " tag="500"><subfield code="a">"A constitutional democratic newspaper."</subfield></datafield><datafield ind1=" " ind2=" " tag="500"><subfield code="a">Editor: J. Day Barron.</subfield></datafield><datafield ind1=" " ind2=" " tag="515"><subfield code="a">Issues carry both old and new series numberings.</subfield></datafield><datafield ind1=" " ind2=" " tag="515"><subfield code="a">Continues the numbering of Southern mercury.</subfield></datafield><datafield ind1=" " ind2=" " tag="588"><subfield code="a">Description based on: Old ser. vol. 7, no. 41 (Nov. 14, 1860) = New ser. v. 3, no. 41.</subfield></datafield><datafield ind1="1" ind2=" " tag="700"><subfield code="a">Barron, J. Day.</subfield></datafield><datafield ind1=" " ind2=" " tag="752"><subfield code="a">United States</subfield><subfield code="b">Alabama</subfield><subfield code="c">Randolph</subfield><subfield code="d">Wedowee.</subfield></datafield><datafield ind1="0" ind2="0" tag="780"><subfield code="t">Southern mercury (Wedowee, Ala.)</subfield><subfield code="w">(DLC)sn 85044716</subfield></datafield><datafield ind1="1" ind2=" " tag="029"><subfield code="a">AU@</subfield><subfield code="b">000025829191</subfield></datafield></record>